%%%%%%%%%%%%%%%%%%%%%%%%%%%%%%%%%%%%%%%%%%%%%%%%%%%%%%%%%%%%%%%%%%%%%%%%%%%%%%%%
%%
%% Список литературы
%%
%%%%%%%%%%%%%%%%%%%%%%%%%%%%%%%%%%%%%%%%%%%%%%%%%%%%%%%%%%%%%%%%%%%%%%%%%%%%%%%%
@online{webrtc_flash_java,
	title = {WebRTC, Flash RTMFP, Java Applet – три ведущих технологии для браузерных VoIP звонков},
	organization = {CNews Клуб},
	url = {http://club.cnews.ru/blogs/entry/webrtc_flash_java_},
	urldate = {16.06.2016},
	language = {russian}
}

@online{WebRTC,
	title = {WebRTC},
	organization = {WebRTC},
	url = {https://sites.google.com/site/webrtc/home},
	urldate = {16.06.2016},
	language = {english}
}

@online{sip_nat,
	title = {Всё, что вы хотели знать о протоколе SIP},
	journal = {Системный администратор},
	organization = {Системный администратор},
	url = {http://samag.ru/archive/article/2017},
	urldate = {16.06.2016},
	language = {russian}
}

//TODO techreport
@online{WebRTC_W3C,
   AUTHOR = {Adam Bergkvist and Daniel C. Burnett and Cullen Jennings and Anant Narayanan and Bernard Aboba},
   TITLE = {WebRTC 1.0: Real-time Communication Between Browsers},
   organization = {W3C},
   HOWPUBLISHED = {Internet Requests for Comments},
   TYPE="{W3C Working Draft}",
   YEAR = {2016},
   MONTH = {May},
   URL={https://www.w3.org/TR/2016/WD-webrtc-20160531/},
   urldate = {16.06.2016},
   language = {english}
}

@online{sipML5,
	title = {World's first HTML5 SIP client},
	organization = {Doubango Telecom},
	url = {https://www.doubango.org/sipml5/},
	urldate = {19.06.2016},
	language = {english}
}

@online{JsSIP,
	title = {the JavaScript SIP library JsSIP},
	organization = {JsSIP},
	url = {http://jssip.net/},
	urldate = {19.06.2016},
	language = {english}
}

@manual{asterisk,
	title = {Asterisk WebRTC Support},
	organization = {Digium, Inc.},
	url = {https://wiki.asterisk.org/wiki/display/AST/Asterisk+WebRTC+Support},
	urldate = {19.06.2016},
	language = {english}
}

@manual{vtiger_db,
	title = {vtigerCRM Data Model},
	url = {https://www.vtiger.com/products/crm/docs/510/vtigerCRM_DataModel_5.2.1.pdf},
	urldate = {19.06.2016},
	language = {english}
}





@ARTICLE{small,
  author = {Freely, I.P.},
  title = {A small paper},
  journal = {The journal of small papers},
  year = 1997,
  volume = {-1},
  note = {To appear}
}

@ARTICLE{javascript,
	author = {Marija Selakovic and Michael Pradel},
	title = {Automatically Fixing Real-World
	JavaScript Performance Bugs},
	journal = {The 37th International Conference on Software Engineering},
	year = 2015,
	note = {Poster},
	url = {http://marija.skyresource.com/publications_list/icse2015-poster.pdf}
}

@ARTICLE{big,
  author = {Jass, Hugh},
  title = {A big paper},
  journal = {The journal of big papers},
  year = 7991,
  volume = {MCMXCVII}
}

@ARTICLE{russian,
  author = {Василий Пупкин and Василиса Пупкина and Пупкинский, В.П.},
  title = {Русская статья},
  journal = {Научно-технические ведомости НИИ ЧАВО},
  year = 2000,
  number = 16,
  pages = {32--64},
  language = {russian}
}

@book{java-book,
	title={Программирование на Java},
	author={Нимейер, П. and Леук, Д.},
	isbn={9785457661004},
	url={https://books.google.ru/books?id=zVpUBQAAQBAJ},
	year={2014},
	publisher={Эксмо},
	language = {russian}
}

@article{genprog,
	author       = "C. Le Goues and S. Forrest and W. Weimer",
	title        = "Current challenges in automatic software repair",
	journal      = "Software Quality Journal",
	volume       = "21",
	year         = "2013",
	pages        = "421-443",
	url = "http://www.cs.cmu.edu/~clegoues/docs/legoues-sqjo13.pdf"
}

@masterthesis{timofeyev,
	author     =     {Д.А. Тимофеев},
	title     =     {Разработка технологии модификации
	программного кода, основанной на
	параметризуемых шаблонах},
	school     =     {Санкт-Петербургский государственный политехнический университет},
	address     =     {Санкт-Петербург},
	year     =     {2010},
	language = {russian}
}

@phdthesis{pattern,
	author = {Fei Ma},
	title = {On the Study of Tree Pattern
	Matching Algorithms and Applications},
	school = {The University Of British Columbia},
	year = {2006}
}

@book{Parr:2013:DAR:2501720,
	author = {Parr, Terence},
	title = {The Definitive ANTLR 4 Reference},
	year = {2013},
	isbn = {1934356999, 9781934356999},
	edition = {2nd},
	publisher = {Pragmatic Bookshelf}
}

@online{ANTLR,
	title = {ANTLR},
	organization = {Веб-сайт проекта ANTLR},
	url = {http://www.antlr.org/},
	urldate = {18.06.2015},
	language = {russian}
}

@online{gradle,
	title = {Gradle},
	organization = {The FindBugs Plugin},
	url = {https://docs.gradle.org/current/userguide/findbugs_plugin.html},
	urldate = {18.06.2015},
	language = {russian}
}

@online{evolutionary,
	title = {Wikipedia},
	organization = {Эволюционное моделирование},
	url = {https://ru.wikipedia.org/wiki/Evolutionary_computation},
	urldate = {18.06.2015},
	language = {russian}
}

@article{Zeller:1999:YMP:318774.318946,
	author = {Zeller, Andreas},
	title = {Yesterday, My Program Worked. Today, It Does Not. Why?},
	journal = {SIGSOFT Softw. Eng. Notes},
	volume = {24},
	number = {6},
	year = {1999},
	issn = {0163-5948},
	pages = {253--267},
	numpages = {15},
	url = {http://doi.acm.org/10.1145/318774.318946},
	doi = {10.1145/318774.318946},
	acmid = {318946},
	publisher = {ACM},
	address = {New York, NY, USA}
}

@online{plumbr,
	title = {Plumbr},
	organization = {Java version statistics: 2015 edition},
	url = {https://plumbr.eu/blog/java/java-version-statistics-2015-edition},
	urldate = {18.06.2015},
	language = {russian}
}

@ARTICLE{genprogOld, 
	author={Le Goues, C. and ThanhVu Nguyen and Forrest, S. and Weimer, W.}, 
	journal={Software Engineering, IEEE Transactions on}, 
	title={GenProg: A Generic Method for Automatic Software Repair}, 
	year={2012}, 
	month={Jan}, 
	volume={38}, 
	number={1}, 
	pages={54-72}, 
	keywords={formal specification;genetic algorithms;software maintenance;GenProg;automatic software repair;defects repair;formal specifications;genetic programming;legacy programs;program annotations;special coding practices;Automatic programming;Computer bugs;Debugging;Encoding;Maintenance engineering;Syntactics;Automatic programming;corrections;testing and debugging.}, 
	doi={10.1109/TSE.2011.104}, 
	ISSN={0098-5589}
}

@book{Kernighan:1988:CPL:576122,
	author = {Kernighan, Brian W.},
	editor = {Ritchie, Dennis M.},
	title = {The  C Programming Language},
	year = {1988},
	isbn = {0131103709},
	edition = {2nd},
	publisher = {Prentice Hall Professional Technical Reference}
}

@online{BugsList,
	title = {FindBugs},
	organization = {FindBugs Bug Descriptions},
	url = {http://findbugs.sourceforge.net/bugDescriptions.html},
	urldate = {23.06.2015},
	language = {russian}
}

@online{ideaStatic,
	title = {JetBrains},
	organization = {IntelliJ IDEA How-To: Static Code Analysis},
	url = {https://www.jetbrains.com/idea/documentation/static_code_analysis.html},
	urldate = {24.06.2015},
	language = {russian}
}

@online{ideaSSR,
	title = {JetBrains},
	organization = {Structural Search and Replace: What, Why, and How-to},
	url = {https://www.jetbrains.com/idea/documentation/ssr.html},
	urldate = {24.06.2015},
	language = {russian}
}

%%%%%%%%%%%%%%%%%%%%%%%%%%%%%%%%%%%%%%%%%%%%%%%%%%%%%%%%%%%%%%%%%%%%%%%%%%%%%%%%
